
@misc{soi2017,
	Author = {Internetstiftelsen i Sverige},
	Title = {Svenskarna och internet - En \aa rlig studie av svenska folkes internetvanor},
	Note = {\url{http://www.soi2017.se/e-handel-och-banktjanster}, accessed 2018-02-11},
}

@misc{busarticleApplePay,
	Author = {Dan Naumov},
	Title = {Apple Pay is finally coming to the Nordics - but the battle may be already lost},
	Note = {\url{http://nordic.businessinsider.com/apple-pay-is-finally-coming-to-the-nordics---but-the-battle-may-be-already-lost-2017-8}, accessed 2018-02-11

}
}

@misc{mopayinfstore,
	Author = {Tomas Falk, Werner H. Kunz},
	Title = {How mobile payment influences the overall store price image},
	Note = {\url{https://www.sciencedirect.com/science/article/pii/S0148296316000242}, accessed 2018-02-11
}
}

@misc{blipp,
	Author = {Ebba Blume},
	Title = {Allt fler blippar vacker oro bland konsumenter},
	Note = {\url{https://www.svd.se/allt-fler-valjer-att-betala-kontantlost}, accessed 2018-02-11
}
}

@misc{card,
	Author = {Mary Catherine O'Connor},
	Title = {Visa Gives Its Contactless Payment Card Program a Global Push},
	Note = {\url{http://www.rfidjournal.com/articles/view?2875/}, accessed 2018-03-4 
}
}

@misc{nfc,
	Author = {James Thrasher},
	Title = {RFID vs NFC Whats the Difference},
	Note = {\url{https://blog.atlasrfidstore.com/rfid-vs-nfc}, accessed 2018-03-30
}
}

@misc{smartphone,
	Author = {Cameron Faulkner},
	Title = {What is NFC? Everything you need to know},
	Note = {\url{https://www.techradar.com/news/what-is-nfc}, accessed 2018-03-30
}
}


